@misc{spacy101,
    title= "spaCy 101: Everything you need to know",
    author="Spacy",
    year = 2021,
    howpublished = "https://spacy.io/usage/spacy-101",
}

@misc{GoogleCloudPricing,
    title = "Google cloud pricing",
    author = "Google",
    year = 2021,
    howpublished = "https://cloud.google.com/vision/pricing",
}

@misc{Neuron,
    title = "Why are neuron axons long and spindly? Study shows they're optimizing signaling efficiency",
    author = "University of California - San Diego",
    year = 2018,
    howpublished = "https://medicalxpress.com/news/2018-07-neuron-axons-spindly-theyre-optimizing.html",
}

@misc{CNN,
    title = "What is max pooling in convolutional neural networks?",
    author = "Sukrit Shankar",
    year = 2018,
    howpublished = "https://www.quora.com/What-is-max-pooling-in-convolutional-neural-networks",
}

@misc{OpenCVAlignment,
    title = "Feature Based Image Alignment using OpenCV (C++/Python)",
    author = "Satya Mallick",
    year = 2018,
    howpublished = "https://learnopencv.com/feature-based-image-alignment-using-opencv-c-python/",
}

@misc{TextDetection,
    title = "Text Detection",
    author = "Murtaza's workshop",
    year = 2021,
    howpublished = "https://www.computervision.zone/courses/text-detection/",
}

@misc{CreditScoring,
    title = "New Generation in Credit Scoring: Machine Learning (Part 4",
    author = "Christian Schitton",
    year = 2020,
    howpublished = "https://encrypted-tbn0.gstatic.com/images?q=tbn:ANd9GcTRTFh3jYAWBE9gH0bKPJXykku4WDgqhJvQeQ&usqp=CAU",
}