%! Author = Sander Riis, og gutta
%! Date = 26/02/2021

